<?xml version="1.0" encoding="UTF-8"?><record xmlns="http://www.loc.gov/MARC21/slim" xmlns:cinclude="http://apache.org/cocoon/include/1.0" xmlns:zs="http://www.loc.gov/zing/srw/">
  <leader>00430nz  a2200133n  4500</leader>
  <controlfield tag="001">n 2001099073</controlfield>
  <controlfield tag="003">DLC</controlfield>
  <controlfield tag="005">20010209075016.0</controlfield>
  <controlfield tag="008">010209n| acannaabn          |a aaa      </controlfield>
  <datafield tag="010" ind1=" " ind2=" ">
    <subfield code="a">n 2001099073</subfield>
  </datafield>
  <datafield tag="040" ind1=" " ind2=" ">
    <subfield code="a">DLC</subfield>
    <subfield code="b">eng</subfield>
    <subfield code="c">DLC</subfield>
  </datafield>
  <datafield tag="100" ind1="1" ind2=" ">
    <subfield code="a">Humin, O. M.</subfield>
    <subfield code="q">(Oleksiĭ Mykhaĭlovych)</subfield>
  </datafield>
  <datafield tag="400" ind1="1" ind2=" ">
    <subfield code="a">Humin, Oleksiĭ Mykhaĭlovych</subfield>
  </datafield>
  <datafield tag="670" ind1=" " ind2=" ">
    <subfield code="a">Humin, O. M. Kryminolohii︠a︡, 1999:</subfield>
    <subfield code="b">t.p. (O.M. Humin) colophon (Humin Oleksiĭ Mykhaĭlovych)</subfield>
  </datafield>
</record>